@article{schreiber-prl00,
  title={Measuring information transfer},
  author={Schreiber, Thomas},
  journal={Physical review letters},
  volume={85},
  number={2},
  pages={461},
  year={2000},
  publisher={APS}
}
@article{granger1969investigating,
  title={Investigating causal relations by econometric models and cross-spectral methods},
  author={Granger, Clive WJ},
  journal={Econometrica: Journal of the Econometric Society},
  pages={424--438},
  year={1969},
  publisher={JSTOR}
}

@manual{RmFLICA,
  title        = {\pkg{mFLICA}: Leadership-Inference Framework for Multivariate Time Series},
  author       = {Amornbunchornvej, Chainarong}, 
  month        = 2,
  year         = 2020,
  url = {https://cran.r-project.org/package=mFLICA},
  note         = {\proglang{R}~package version 0.1.0}
}

@Manual{Rprog,
    title = {\proglang{R}: A Language and Environment for Statistical Computing},
    author = {{R Core Team}},
    organization = {R Foundation for Statistical Computing},
    address = {Vienna, Austria},
    year = {2020},
    url = {https://www.R-project.org/},
  }
@article{BEHRENDT2019100265,
title = "\pkg{RTransferEntropy} — Quantifying information flow between different time series using effective transfer entropy",
journal = "SoftwareX",
volume = "10",
pages = "100265",
year = "2019",
issn = "2352-7110",
doi = "https://doi.org/10.1016/j.softx.2019.100265",
url = "http://www.sciencedirect.com/science/article/pii/S2352711019300779",
author = "Simon Behrendt and Thomas Dimpfl and Franziska J. Peter and David J. Zimmermann",
keywords = "Shannon transfer entropy, Rényi transfer entropy, Effective transfer entropy, Bootstrap inference, ",
abstract = "This paper shows how to quantify and test for the information flow between two time series with Shannon transfer entropy and Rényi transfer entropy using the R package RTransferEntropy. We discuss the methodology, the bias correction applied to calculate effective transfer entropy and outline how to conduct statistical inference. Furthermore, we describe the package in detail and demonstrate its functionality by means of several simulated processes and present an application to financial time series."
}
@Article{Rdtw,
    title = {Computing and Visualizing Dynamic Time Warping Alignments
      in \proglang{R}: The \pkg{dtw} Package},
    author = {Toni Giorgino},
    journal = {Journal of Statistical Software},
    year = {2009},
    volume = {31},
    number = {7},
    pages = {1--24},
    url = {http://www.jstatsoft.org/v31/i07/},
  }
@Article{GrangerR,
    title = {Diagnostic Checking in Regression Relationships},
    author = {Achim Zeileis and Torsten Hothorn},
    journal = {R News},
    year = {2002},
    volume = {2},
    number = {3},
    pages = {7--10},
    url = {https://CRAN.R-project.org/doc/Rnews/},
  }
@article{andersson2008reporting,
  title={Reporting leaders and followers among trajectories of moving point objects},
  author={Andersson, Mattias and Gudmundsson, Joachim and Laube, Patrick and Wolle, Thomas},
  journal={GeoInformatica},
  volume={12},
  number={4},
  pages={497--528},
  year={2008},
  publisher={Springer}
}
@article{malone1994interdisciplinary,
  title={The interdisciplinary study of coordination},
  author={Malone, Thomas W and Crowston, Kevin},
  journal={ACM Computing Surveys (CSUR)},
  volume={26},
  number={1},
  pages={87--119},
  year={1994},
  publisher={ACM}
}

@article{glowacki2015leadership,
  title={Leadership solves collective action problems in small-scale societies},
  author={Glowacki, Luke and von Rueden, Chris},
  journal={Phil. Trans. R. Soc. B},
  volume={370},
  number={1683},
  pages={20150010},
  year={2015},
  publisher={The Royal Society}
}
@article{hogg2001social,
  title={A social identity theory of leadership},
  author={Hogg, Michael A},
  journal={Personality and social psychology review},
  volume={5},
  number={3},
  pages={184--200},
  year={2001},
  publisher={Sage Publications}
}
@article{bracewell1965pentagram,
  title={Pentagram notation for cross correlation. The Fourier transform and its applications},
  author={Bracewell, R},
  journal={New York: McGraw-Hill},
  volume={46},
  pages={243},
  year={1965}
}
@article{sakoe1978dynamic,
  title={Dynamic programming algorithm optimization for spoken word recognition},
  author={Sakoe, Hiroaki and Chiba, Seibi},
  journal={IEEE transactions on acoustics, speech, and signal processing},
  volume={26},
  number={1},
  pages={43--49},
  year={1978},
  publisher={IEEE}
}

@inproceedings{kjargaard2013time,
  title={Time-lag method for detecting following and leadership behavior of pedestrians from mobile sensing data},
  author={Kjargaard, Mikkel Baun and Blunck, Henrik and Wustenberg, Markus and Gronbask, Kaj and Wirz, Martin and Roggen, Daniel and Troster, Gerhard},
  booktitle={Proceedings of the IEEE PerCom},
  pages={56--64},
  year={2013},
  organization={IEEE}
}
@article{Amornbunchornvej:2018:CED:3234931.3201406,
 author = {Amornbunchornvej, Chainarong and Brugere, Ivan and Strandburg-Peshkin, Ariana and Farine, Damien R. and Crofoot, Margaret C. and Berger-Wolf, Tanya Y.},
 title = {Coordination Event Detection and Initiator Identification in Time Series Data},
 journal = {ACM Trans. Knowl. Discov. Data},
 issue_date = {July 2018},
 volume = {12},
 number = {5},
 month = jun,
 year = {2018},
 issn = {1556-4681},
 pages = {53:1--53:33},
 articleno = {53},
 numpages = {33},
 url = {http://doi.acm.org/10.1145/3201406},
 doi = {10.1145/3201406},
 acmid = {3201406},
 publisher = {ACM},
 address = {New York, NY, USA},
 keywords = {Leadership, coordination, influence, time series},
} 

@inproceedings{mFLICASDM18,
  title={Framework for Inferring Leadership Dynamics of Complex Movement from Time Series},
  author={Amornbunchornvej, Chainarong and Berger-Wolf, Tanya},
  booktitle={Proceedings of the 2018 SIAM International Conference on Data Mining},
  pages={549--557},
  year={2018},
  doi = {10.1137/1.9781611975321.62},
  URL = {https://epubs.siam.org/doi/abs/10.1137/1.9781611975321.62},
  eprint = {https://epubs.siam.org/doi/pdf/10.1137/1.9781611975321.62},
  organization={SIAM}
}